@ci/cd{ CI/CD,
	author = "{Isaac Sacolick}",
	title = "InfoWorld",
	year = "2020",
	url = "https://www.infoworld.com/article/3271126/what-is-cicd-continuous-integration-and-continuous-delivery-explained.html",
	note = "[Online; accessed 10-December-2021]"
}
@php{ PHP,
	author = "{Wikipedia contributors}",
	title = "PHP --- {Wikipedia}{,} die freie Enzyklopädie",
	year = "2021",
	url = "https://de.wikipedia.org/wiki/PHP",
	note = "[Online; accessed 10-December-2021]"
}
@api{ API,
	author = "{Wikipedia contributors}",
	title = "API --- {Wikipedia}{,} die freie Enzyklopädie",
	year = "2021",
	url = "https://de.wikipedia.org/wiki/API",
	note = "[Online; accessed 10-December-2021]"
}
@JPA{ JPA,
	author = "{Wikipedia contributors}",
	title = "Jakarta Persistence API --- {Wikipedia}{,} die freie Enzyklopädie",
	year = "2021",
	url = "https://de.wikipedia.org/wiki/Jakarta_Persistence_API",
	note = "[Online; accessed 10-December-2021]"
}
@REST{ REST,
	author = "{Wikipedia contributors}",
	title = "REST --- {Wikipedia}{,} die freie Enzyklopädie",
	year = "2021",
	url = "https://de.wikipedia.org/wiki/Representational_State_Transfer",
	note = "[Online; accessed 10-December-2021]"
}
@Angular{ Angular,
	author = "{Wikipedia contributors}",
	title = "Angular --- {Wikipedia}{,} die freie Enzyklopädie",
	year = "2021",
	url = "https://de.wikipedia.org/wiki/Angular",
	note = "[Online; accessed 11-December-2021]"
}
@Docker{ Docker,
	author = "{Wikipedia contributors}",
	title = "Docker --- {Wikipedia}{,} die freie Enzyklopädie",
	year = "2021",
	url = "https://de.wikipedia.org/wiki/Docker_(Software)",
	note = "[Online; accessed 11-December-2021]"
}
@OpenAPI{ OpenAPI,
	author = "{Wikipedia contributors}",
	title = "OpenAPI --- {Wikipedia}{,} die freie Enzyklopädie",
	year = "2021",
	url = "https://de.wikipedia.org/wiki/OpenAPI",
	note = "[Online; accessed 11-December-2021]"
}
@SC1000{ SC1000,
	author = "{Wikipedia contributors}",
	title = "SC1000 --- Hach, Online-Sensoren und Controller",
	year = "2021",
	url = "https://ch.hach.com/controller-digital/sc1000-controller-sondenmodul/family?productCategoryId=24977924852",
	note = "[Online; accessed 14-December-2021]"
}
@YAML{ YAML,
	author = "{Wikipedia contributors}",
	title = "YAML --- {Wikipedia}{,} die freie Enzyklopädie",
	year = "2021",
	url = "https://de.wikipedia.org/wiki/YAML",
	note = "[Online; accessed 20-December-2021]"
}
